@ARTICLE{planckXX:2013,
   author = {{Planck Collaboration} and {Ade}, P.~A.~R. and {Aghanim}, N. and 
    {Armitage-Caplan}, C. and {Arnaud}, M. and {Ashdown}, M. and 
    {Atrio-Barandela}, F. and {Aumont}, J. and {Baccigalupi}, C. and 
    {Banday}, A.~J. and et al.},
    title = "{Planck 2013 results. XVI. Cosmological parameters}",
  journal = {\aap},
archivePrefix = "arXiv",
   eprint = {1303.5076},
 keywords = {cosmic background radiation, cosmological parameters, early Universe, inflation, primordial nucleosynthesis},
     year = 2014,
    month = nov,
   volume = 571,
      eid = {A16},
    pages = {A16},
      doi = {10.1051/0004-6361/201321591},
   adsurl = {http://adsabs.harvard.edu/abs/2014A%26A...571A..16P},
  adsnote = {Provided by the SAO/NASA Astrophysics Data System}
}

@ARTICLE{planckXX:2015,
   author = {{Planck Collaboration} and {Ade}, P.~A.~R. and {Aghanim}, N. and 
  {Arnaud}, M. and {Arroja}, F. and {Ashdown}, M. and {Aumont}, J. and 
  {Baccigalupi}, C. and {Ballardini}, M. and {Banday}, A.~J. and et al.},
    title = "{Planck 2015 results. XX. Constraints on inflation}",
  journal = {\aap},
archivePrefix = "arXiv",
   eprint = {1502.02114},
 keywords = {cosmic background radiation, cosmology: theory, early Universe, inflation},
     year = 2016,
    month = sep,
   volume = 594,
      eid = {A20},
    pages = {A20},
      doi = {10.1051/0004-6361/201525898},
   adsurl = {http://adsabs.harvard.edu/abs/2016A%26A...594A..20P},
  adsnote = {Provided by the SAO/NASA Astrophysics Data System}
}



@ARTICLE{langlois:1999,
   author = {{Langlois}, D.},
    title = "{Correlated adiabatic and isocurvature perturbations from double inflation}",
  journal = {\prd},
   eprint = {astro-ph/9906080},
 keywords = {Particle-theory and field-theory models of the early Universe, Galaxy groups clusters and superclusters, large scale structure of the Universe, Background radiations},
     year = 1999,
    month = jun,
   volume = 59,
   number = 12,
      eid = {123512},
    pages = {123512},
      doi = {10.1103/PhysRevD.59.123512},
   adsurl = {http://adsabs.harvard.edu/abs/1999PhRvD..59l3512L},
  adsnote = {Provided by the SAO/NASA Astrophysics Data System}
}

@INPROCEEDINGS{baumann/etal:2009,
   author = {{Baumann}, D. and {Jackson}, M.~G. and {Adshead}, P. and {Amblard}, A. and 
  {Ashoorioon}, A. and {Bartolo}, N. and {Bean}, R. and {Beltr{\'a}n}, M. and 
  {de Bernardis}, F. and {Bird}, S. and {Chen}, X. and {Chung}, D.~J.~H. and 
  {Colombo}, L. and {Cooray}, A. and {Creminelli}, P. and {Dodelson}, S. and 
  {Dunkley}, J. and {Dvorkin}, C. and {Easther}, R. and {Finelli}, F. and 
  {Flauger}, R. and {Hertzberg}, M.~P. and {Jones-Smith}, K. and 
  {Kachru}, S. and {Kadota}, K. and {Khoury}, J. and {Kinney}, W.~H. and 
  {Komatsu}, E. and {Krauss}, L.~M. and {Lesgourgues}, J. and 
  {Liddle}, A. and {Liguori}, M. and {Lim}, E. and {Linde}, A. and 
  {Matarrese}, S. and {Mathur}, H. and {McAllister}, L. and {Melchiorri}, A. and 
  {Nicolis}, A. and {Pagano}, L. and {Peiris}, H.~V. and {Peloso}, M. and 
  {Pogosian}, L. and {Pierpaoli}, E. and {Riotto}, A. and {Seljak}, U. and 
  {Senatore}, L. and {Shandera}, S. and {Silverstein}, E. and 
  {Smith}, T. and {Vaudrevange}, P. and {Verde}, L. and {Wandelt}, B. and 
  {Wands}, D. and {Watson}, S. and {Wyman}, M. and {Yadav}, A. and 
  {Valkenburg}, W. and {Zaldarriaga}, M.},
    title = "{Probing Inflation with CMB Polarization}",
 keywords = {Neutrino muon pion and other elementary particles, cosmic rays, Scattering polarization, Theory of quantized fields},
booktitle = {American Institute of Physics Conference Series},
     year = 2009,
   series = {American Institute of Physics Conference Series},
   volume = 1141,
archivePrefix = "arXiv",
   eprint = {0811.3919},
   editor = {{Dodelson}, S. and {Baumann}, D. and {Cooray}, A. and {Dunkley}, J. and 
  {Fraisse}, A. and {Jackson}, M.~G. and {Kogut}, A. and {Krauss}, L. and 
  {Zaldarriaga}, M. and {Smith}, K.},
    month = jun,
    pages = {10-120},
      doi = {10.1063/1.3160885},
   adsurl = {http://adsabs.harvard.edu/abs/2009AIPC.1141...10B},
  adsnote = {Provided by the SAO/NASA Astrophysics Data System}
}


@ARTICLE{moodley/etal:2004,
   author = {{Moodley}, K. and {Bucher}, M. and {Dunkley}, J. and {Ferreira}, P.~G. and 
  {Skordis}, C.},
    title = "{Constraints on isocurvature models from the WMAP first-year data}",
  journal = {\prd},
   eprint = {astro-ph/0407304},
 keywords = {Cosmology},
     year = 2004,
    month = nov,
   volume = 70,
   number = 10,
      eid = {103520},
    pages = {103520},
      doi = {10.1103/PhysRevD.70.103520},
   adsurl = {http://adsabs.harvard.edu/abs/2004PhRvD..70j3520M},
  adsnote = {Provided by the SAO/NASA Astrophysics Data System}
}


